@misc{tonnoir2018,
	author       = {Antoine Tonnoir},
	title        = {	\href{https://drive.google.com/file/d/1jpiQRs_MBVcKzL2T6XQlf38SY-1lBvGA/view?usp=drive_link}{Analyse numérique : Chapitre 3 -- Méthodes numériques pour résoudre des problèmes aux valeurs propres, Cours 11}},
	year         = {2018},
	note         = {MMSN, GM 3\textsuperscript{ème} année, 2018--2019},
	institution  = {INSA Rouen},
	howpublished = {Contact : \texttt{antoine.tonnoir@insa-rouen.fr}}
}

@book{ciarlet2019,
	author       = {Patrick Ciarlet and Erell Jamelot},
	title        = {	\href{https://drive.google.com/file/d/1k0KXbuVOZiG_Vmzpgr6vah-MxsakbSmQ/view?usp=drive_link}{Outils mathématiques et algorithmiques pour le calcul scientifique}},
	year         = {2019},
	publisher    = {Master, Palaiseau, France},
	pages        = {1--287},
	note         = {hal-04311490}
}

@book{goncalves2007,
	author       = {Eric Goncalvès da Silva},
	title        = {	\href{https://drive.google.com/file/d/1qgPByIWlOWHy4fMucExuanFKNaguOsoi/view?usp=drive_link}{Méthodes et Analyse Numériques}},
	year         = {2007},
	publisher    = {Institut Polytechnique de Grenoble, Engineering School},
	pages        = {99},
	note         = {cel-00556967}
}

@misc{takahashi2013,
	author       = {Takéo Takahashi},
	title        = {	\href{https://drive.google.com/file/d/1C9S_tFmaaJ2wnpXlOpGuxC2w4MDXIc3v/view?usp=drive_link}{Analyse Numérique}},
	year         = {2013},
	institution  = {IECL, Département Génie Industriel et Mathématiques Appliquées},
	howpublished = {Contact : \texttt{takeo.takahashi@univ-lorraine.fr}}
}

@book{quarteroni2010,
	author       = {Alfio Quarteroni and Paola Gervasio},
	title        = {	\href{https://drive.google.com/file/d/1YVkzuFCfJzD6b7J82zpaQ3r2-Osvva2f/view?usp=sharing}{Calcul Scientifique : Exercices et problèmes résolus avec MATLAB et Octave}},
	year         = {2010},
	publisher    = {Springer-Verlag Italia},
}

@book{golub2013,
	author       = {Gene H. Golub and Charles F. Van Loan},
	title        = {	\href{https://drive.google.com/file/d/1dKlA4WgLEbz7J7rtt0S0F-JROkNb65Vv/view?usp=drive_link}{Matrix Computations}},
	edition      = {Fourth},
	year         = {2013},
	publisher    = {The Johns Hopkins University Press},
	address      = {Baltimore, Maryland},
	isbn         = {978-1-4214-0794-4},
	note         = {Library of Congress Control Number: 2012943449. Also available as eBook ISBN 978-1-4214-0859-0},
}

@book{ciarlet2006introduction,
	title={	\href{https://drive.google.com/file/d/1I-Z0aX_lcD_glPZBLwdu-yWAVYoK2Shl/view?usp=drive_link}{Introduction à l'analyse numérique matricielle et à l'optimisation: cours et exercices corrigés}},
	author={Ciarlet, P.G.},
	series={Mathématiques appliquées pour la ma{\^\i}trise},
	year={1988},
	publisher={Masson}
}

@misc{perrier2011,
	author       = {Valérie Perrier and Roger Mohr},
	title        = {	\href{https://drive.google.com/file/d/14I3lnGhcnQ9j8fdDRlQPSGkFRqtuf1f_/view?usp=drive_link}{La Décomposition en Valeurs Singulières : Analyse numérique et Application à la Vision}},
	year         = {2011},
	note         = {50 ans de l'Ensimag, Mai 2011},
	institution  = {Grenoble INP - Ensimag, UGA et Laboratoire Jean Kuntzmann},
}

@book{demmel1997,
	author       = {James W. Demmel},
	title        = {	\href{https://drive.google.com/file/d/1ZIiekp_zG2Ug50I0QecTc7zlCaxZTJV9/view?usp=drive_link}{Applied Numerical Linear Algebra}},
	year         = {1997},
	publisher    = {Society for Industrial and Applied Mathematics (SIAM)},
	pages        = {1--284},
	note         = {ISBN: 978-0898713619}
}

@book{stoer2002,
	author       = {Jörg Stoer and Roland Bulirsch},
	title        = {	\href{https://drive.google.com/file/d/1QzeG-pY-xjILLcodPNsht-m5slRRYheo/view?usp=drive_link}{Introduction to Numerical Analysis}},
	year         = {2002},
	publisher    = {Springer},
	pages        = {1--652},
	note         = {ISBN: 978-0387953662}
}

@book{trefethen1997,
	author       = {Lloyd N. Trefethen},
	title        = {	\href{https://drive.google.com/file/d/1WEI73e0mk-q76eFJ11vSvp2rQy0UceKw/view?usp=drive_link}{Numerical Linear Algebra}},
	year         = {1997},
	publisher    = {SIAM},
	pages        = {1--155},
	note         = {ISBN: 978-0898713619}
}